% This is where you place the bibliography entries in BibTeX format. To get the
% information for any thing with a DOI (papers, books, etc), use
% https://www.doi2bib.org

% The first thing after the { is the label used to cite things in the text. In
% this case, we would use \cite{uieda2015}.
@misc{Uieda2015,
  doi = {10.6084/M9.FIGSHARE.1495525.V1},
  url = {https://doi.org/10.6084/M9.FIGSHARE.1495525.V1},
  author = {Uieda,  Leonardo},
  title = {A tesserioid (spherical prism) in a geocentric coordinate system with a local-North-oriented coordinate system},
  publisher = {figshare},
  year = {2015},
  copyright = {Creative Commons Attribution 4.0 International}
}

@article{Parker1973,
  doi = {10.1111/j.1365-246x.1973.tb06513.x},
  url = {https://doi.org/10.1111/j.1365-246x.1973.tb06513.x},
  year = {1973},
  month = mar,
  publisher = {Oxford University Press ({OUP})},
  volume = {31},
  number = {4},
  pages = {447--455},
  author = {R. L. Parker},
  title = {The Rapid Calculation of Potential Anomalies},
  journal = {Geophysical Journal International}
}

@inproceedings{Laske2013,
  title = {Update on {{CRUST1}}.0 - {{A}} 1-degree {{Global Model}} of {{Earth}}'s {{Crust}}},
  volume = {15},
  timestamp = {2016-02-24T19:27:40Z},
  url = {http://igppweb.ucsd.edu/\%0020gabi/crust1/laske-egu13-crust1.pdf},
  booktitle = {{{EGU General Assembly Conference Abstracts}}},
  author = {Laske, G. and Masters, G. and Ma, Z. and Pasyanos, M.},
  year = {2013},
  pages = {EGU2013--2658},
}

@article{Uieda2016,
  doi = {10.1093/gji/ggw390},
  url = {https://doi.org/10.1093/gji/ggw390},
  year = {2016},
  month = oct,
  publisher = {Oxford University Press ({OUP})},
  volume = {208},
  number = {1},
  pages = {162--176},
  author = {Leonardo Uieda and Val{\'{e}}ria C.F. Barbosa},
  title = {Fast nonlinear gravity inversion in spherical coordinates with application to the South American Moho},
  journal = {Geophysical Journal International}
}

@article{vanderMeijde2015,
  doi = {10.1016/j.jog.2014.09.013},
  url = {https://doi.org/10.1016/j.jog.2014.09.013},
  year = {2015},
  month = mar,
  publisher = {Elsevier {BV}},
  volume = {84},
  pages = {1--18},
  author = {M. van der Meijde and I. Fadel and P. Ditmar and M. Hamayun},
  title = {Uncertainties in crustal thickness models for data sparse environments: A review for South America and Africa},
  journal = {Journal of Geodynamics}
}

@article{vanderMeijde2020,
  doi = {10.1093/gji/ggaa073},
  url = {https://doi.org/10.1093/gji/ggaa073},
  year = {2020},
  month = feb,
  publisher = {Oxford University Press ({OUP})},
  volume = {221},
  number = {2},
  pages = {1226--1231},
  author = {M van~der~Meijde and R Pail},
  title = {Impact of uncertainties of {GOCE} gravity model on crustal thickness estimates},
  journal = {Geophysical Journal International}
}

@article{Haas2020,
  doi = {10.1093/gji/ggaa122},
  url = {https://doi.org/10.1093/gji/ggaa122},
  year = {2020},
  month = mar,
  publisher = {Oxford University Press ({OUP})},
  volume = {221},
  number = {3},
  pages = {1896--1912},
  author = {Peter Haas and J\"{o}rg Ebbing and Wolfgang Szwillus},
  title = {Sensitivity analysis of gravity gradient inversion of the Moho depth{\textemdash}a case example for the Amazonian Craton},
  journal = {Geophysical Journal International}
}

@article{Szwillus2019,
  doi = {10.1029/2018jb016593},
  url = {https://doi.org/10.1029/2018jb016593},
  year = {2019},
  month = feb,
  publisher = {American Geophysical Union ({AGU})},
  volume = {124},
  number = {2},
  pages = {1626--1652},
  author = {Wolfgang Szwillus and Juan Carlos Afonso and J\"{o}rg Ebbing and Walter D. Mooney},
  title = {Global Crustal Thickness and Velocity Structure From Geostatistical Analysis of Seismic Data},
  journal = {Journal of Geophysical Research: Solid Earth}
}

@article{Pappa2019,
  doi = {10.1029/2018gc008111},
  url = {https://doi.org/10.1029/2018gc008111},
  year = {2019},
  month = mar,
  publisher = {American Geophysical Union ({AGU})},
  volume = {20},
  number = {3},
  pages = {1629--1645},
  author = {F. Pappa and J. Ebbing and F. Ferraccioli},
  title = {Moho Depths of Antarctica: Comparison of Seismic,  Gravity,  and Isostatic Results},
  journal = {Geochemistry,  Geophysics,  Geosystems}
}

@article{Mariani2013,
  doi = {10.1016/j.jsames.2013.03.008},
  url = {https://doi.org/10.1016/j.jsames.2013.03.008},
  year = {2013},
  month = aug,
  publisher = {Elsevier {BV}},
  volume = {45},
  pages = {209--223},
  author = {Patrizia Mariani and Carla Braitenberg and Naomi Ussami},
  title = {Explaining the thick crust in Paran{\'{a}} basin,  Brazil,  with satellite {GOCE} gravity observations},
  journal = {Journal of South American Earth Sciences}
}

@article{Reguzzoni2015,
  doi = {10.1016/j.jag.2014.04.002},
  url = {https://doi.org/10.1016/j.jag.2014.04.002},
  year = {2015},
  month = mar,
  publisher = {Elsevier {BV}},
  volume = {35},
  pages = {31--43},
  author = {M. Reguzzoni and D. Sampietro},
  title = {{GEMMA}: An Earth crustal model based on {GOCE} satellite data},
  journal = {International Journal of Applied Earth Observation and Geoinformation}
}

@article{Assumpo2013,
  doi = {10.1016/j.tecto.2012.11.014},
  url = {https://doi.org/10.1016/j.tecto.2012.11.014},
  year = {2013},
  month = dec,
  publisher = {Elsevier {BV}},
  volume = {609},
  pages = {82--96},
  author = {Marcelo Assump{\c{c}}{\~{a}}o and Mei Feng and Andr{\'{e}}s Tassara and Jordi Juli{\`{a}}},
  title = {Models of crustal thickness for South America from seismic refraction,  receiver functions and surface wave tomography},
  journal = {Tectonophysics}
}

@article{Tugume2013,
  doi = {10.1016/j.tecto.2013.04.027},
  url = {https://doi.org/10.1016/j.tecto.2013.04.027},
  year = {2013},
  month = dec,
  publisher = {Elsevier {BV}},
  volume = {609},
  pages = {250--266},
  author = {Fred Tugume and Andrew Nyblade and Jordi Juli{\`{a}} and Mark van der Meijde},
  title = {Precambrian crustal structure in Africa and Arabia: Evidence lacking for secular variation},
  journal = {Tectonophysics}
}

@article{vanderMeijde2013,
  doi = {10.1016/j.tecto.2013.03.023},
  url = {https://doi.org/10.1016/j.tecto.2013.03.023},
  year = {2013},
  month = dec,
  publisher = {Elsevier {BV}},
  volume = {609},
  pages = {456--467},
  author = {M. van der Meijde and J. Juli{\`{a}} and M. Assump{\c{c}}{\~{a}}o},
  title = {Gravity derived Moho for South America},
  journal = {Tectonophysics}
}

@article{Meier2007,
  doi = {10.1111/j.1365-246x.2007.03373.x},
  url = {https://doi.org/10.1111/j.1365-246x.2007.03373.x},
  year = {2007},
  month = may,
  publisher = {Oxford University Press ({OUP})},
  volume = {169},
  number = {2},
  pages = {706--722},
  author = {Ueli Meier and Andrew Curtis and Jeannot Trampert},
  title = {Global crustal thickness from neural network inversion of surface wave data},
  journal = {Geophysical Journal International}
}

@article{Pasyanos2007,
  doi = {10.1016/j.tecto.2007.07.008},
  url = {https://doi.org/10.1016/j.tecto.2007.07.008},
  year = {2007},
  month = nov,
  publisher = {Elsevier {BV}},
  volume = {444},
  number = {1-4},
  pages = {27--44},
  author = {Michael E. Pasyanos and Andrew A. Nyblade},
  title = {A top to bottom lithospheric study of Africa and Arabia},
  journal = {Tectonophysics}
}

@article{Bagherbandi2013,
  doi = {10.1016/j.jog.2013.01.002},
  url = {https://doi.org/10.1016/j.jog.2013.01.002},
  year = {2013},
  month = may,
  publisher = {Elsevier {BV}},
  volume = {66},
  pages = {25--37},
  author = {Mohammad Bagherbandi and Robert Tenzer and Lars E. Sj\"{o}berg and Pavel Nov{\'{a}}k},
  title = {Improved global crustal thickness modeling based on the {VMM} isostatic model and non-isostatic gravity correction},
  journal = {Journal of Geodynamics}
}

@inproceedings{bassin2000,
  series = {F897},
  title = {The {{Current Limits}} of {{Resolution}} for {{Surface Wave Tomography}} in {{North America}}},
  volume = {81},
  timestamp = {2015-10-26T18:53:49Z},
  url = {http://igppweb.ucsd.edu/\%0020gabi/rem.html},
  booktitle = {{{EOS Trans AGU}}},
  author = {Bassin, C. and Laske, G. and Masters, G.},
  year = {2000}
}

@article{li2001a,
  title = {Ellipsoid, geoid, gravity, geodesy, and geophysics},
  volume = {66},
  issn = {0016-8033},
  doi = {10.1190/1.1487109},
  timestamp = {2015-10-26T18:53:49Z},
  number = {6},
  urldate = {2014-10-01},
  url = {http://library.seg.org/doi/abs/10.1190/1.1487109},
  journal = {GEOPHYSICS},
  author = {Li, X. and G{\"o}tze, H.},
  month = nov,
  year = {2001},
  pages = {1660--1668},
}

@article{asgharzadeh2007,
  title = {Spherical prism gravity effects by {{Gauss-Legendre}} quadrature integration},
  volume = {169},
  issn = {0956540X, 1365246X},
  doi = {10.1111/j.1365-246X.2007.03214.x},
  timestamp = {2013-08-09T17:22:21Z},
  number = {1},
  urldate = {2013-08-09},
  url = {http://gji.oxfordjournals.org/cgi/doi/10.1111/j.1365-246X.2007.03214.x},
  journal = {Geophysical Journal International},
  author = {Asgharzadeh, M. F. and {von Frese}, R. R. B. and Kim, H. R. and Leftwich, T. E. and Kim, J. W.},
  month = apr,
  year = {2007},
  pages = {1--11},
}

@book{tikhonov1977,
  address = {Washington : New York},
  series = {Scripta series in mathematics},
  title = {Solutions of ill-posed problems},
  isbn = {978-0-470-99124-4},
  lccn = {QA297 .T5413},
  language = {eng},
  timestamp = {2016-05-12T15:59:24Z},
  publisher = {{Winston}},
  author = {Tikhonov, A. N. and Arsenin, V. Y.},
  year = {1977},
  keywords = {Improperly posed problems,numerical analysis}
}

@article{bott1960,
  title = {The use of {{Rapid Digital Computing Methods}} for {{Direct Gravity Interpretation}} of {{Sedimentary Basins}}},
  volume = {3},
  issn = {0956-540X, 1365-246X},
  doi = {10.1111/j.1365-246X.1960.tb00065.x},
  language = {en},
  timestamp = {2015-11-26T18:49:30Z},
  number = {1},
  urldate = {2015-05-10},
  url = {http://gji.oxfordjournals.org/content/3/1/63},
  journal = {Geophysical Journal International},
  author = {Bott, M. H. P.},
  month = jan,
  year = {1960},
  pages = {63--67},
}

@article{silva2014,
  title = {Fast gravity inversion of basement relief},
  volume = {79},
  issn = {0016-8033},
  doi = {10.1190/geo2014-0024.1},
  timestamp = {2016-02-26T03:16:03Z},
  number = {5},
  urldate = {2014-09-15},
  url = {http://library.seg.org/doi/abs/10.1190/geo2014-0024.1},
  journal = {Geophysics},
  author = {Silva, J. and Santos, D. and Gomes, K.},
  month = aug,
  year = {2014},
  pages = {G79--G91},
}

@article{hansen1992,
  title = {Analysis of {{Discrete Ill-Posed Problems}} by {{Means}} of the {{L-Curve}}},
  volume = {34},
  issn = {0036-1445},
  doi = {10.1137/1034115},
  timestamp = {2015-11-02T13:53:30Z},
  number = {4},
  urldate = {2015-11-02},
  url = {http://epubs.siam.org/doi/abs/10.1137/1034115},
  journal = {SIAM Review},
  author = {Hansen, P.},
  month = dec,
  year = {1992},
  pages = {561--580},
}

@incollection{Berrar2019,
  doi = {10.1016/b978-0-12-809633-8.20349-x},
  url = {https://doi.org/10.1016/b978-0-12-809633-8.20349-x},
  year = {2019},
  publisher = {Elsevier},
  pages = {542--545},
  author = {Daniel Berrar},
  title = {Cross-Validation},
  booktitle = {Encyclopedia of Bioinformatics and Computational Biology}
}

@article{Harris2020,
  doi = {10.1038/s41586-020-2649-2},
  url = {https://doi.org/10.1038/s41586-020-2649-2},
  year = {2020},
  month = sep,
  publisher = {Springer Science and Business Media {LLC}},
  volume = {585},
  number = {7825},
  pages = {357--362},
  author = {Charles R. Harris and K. Jarrod Millman and St{\'{e}}fan J. van der Walt and Ralf Gommers and Pauli Virtanen and David Cournapeau and Eric Wieser and Julian Taylor and Sebastian Berg and Nathaniel J. Smith and Robert Kern and Matti Picus and Stephan Hoyer and Marten H. van Kerkwijk and Matthew Brett and Allan Haldane and Jaime Fern{\'{a}}ndez del R{\'{\i}}o and Mark Wiebe and Pearu Peterson and Pierre G{\'{e}}rard-Marchant and Kevin Sheppard and Tyler Reddy and Warren Weckesser and Hameer Abbasi and Christoph Gohlke and Travis E. Oliphant},
  title = {Array programming with {NumPy}},
  journal = {Nature}
}

@article{hunter2007,
  title = {Matplotlib: {{A 2D}} graphics environment},
  volume = {9},
  shorttitle = {Matplotlib},
  doi = {10.1109/MCSE.2007.55},
  timestamp = {2015-10-26T18:53:49Z},
  number = {3},
  urldate = {2013-10-22},
  url = {http://doi.ieeecomputersociety.org/10.1109/mcse.2007.55},
  journal = {Computing in Science \& Engineering},
  author = {Hunter, John D.},
  year = {2007},
  pages = {90--95},
}

@misc{waskom2015,
  title = {seaborn: v0.6.0},
  timestamp = {2016-03-01T20:03:46Z},
  url = {http://dx.doi.org/10.5281/zenodo.19108},
  journal = {Zenodo},
  author = {Waskom, Michael and Botvinnik, Olga and Hobson, Paul and Warmenhoven, Jordi and Cole, John B. and Halchenko, Yaroslav and Vanderplas, Jake and Hoyer, Stephan and Villalba, Santi and Quintero, Eric and Miles, Alistair and Augspurger, Tom and Yarkoni, Tal and Evans, Constantine and Wehner, Daniel and Rocher, Luc and Megies, Tobias and Coelho, Luis Pedro and Ziegler, Erik and Hoppe, Travis and Seabold, Skipper and Pascual, Sergio and Cloud, Phillip and Koskinen, Miikka and Hausler, Chris and {kjemmett} and Milajevs, Dmitrijs and Qalieh, Adel and Allan, Dan and Meyer, Kyle},
  month = jun,
  year = {2015},
}

@inproceedings{uieda2013a,
  title = {Modeling the {{Earth}} with {{Fatiando}} a {{Terra}}},
  timestamp = {2016-03-01T17:30:26Z},
  url = {http://conference.scipy.org/proceedings/scipy2013/uieda.html},
  booktitle = {Proceedings of the 12th {{Python}} in {{Science Conference}}},
  author = {Uieda, Leonardo and {Oliveira Jr}, Vanderlei C. and Barbosa, Val{\'e}ria C. F.},
  editor = {{van der Walt}, St{\'e}fan and Millman, Jarrod and Huff, Katy},
  year = {2013},
  pages = {91 -- 98},
}

@article{perez2007,
  title = {{{IPython}}: {{A System}} for {{Interactive Scientific Computing}}},
  volume = {9},
  issn = {1521-9615},
  shorttitle = {{{IPython}}},
  doi = {10.1109/MCSE.2007.53},
  timestamp = {2015-10-26T18:53:49Z},
  number = {3},
  urldate = {2014-11-18},
  url = {http://scitation.aip.org/content/aip/journal/cise/9/3/10.1109/MCSE.2007.53},
  journal = {Computing in Science \& Engineering},
  author = {P{\'e}rez, Fernando and Granger, Brian E.},
  month = may,
  year = {2007},
  keywords = {Data visualization},
  pages = {21--29},
}

@software{uieda_leonardo_2020_3627166,
  author       = {Uieda, Leonardo and
                  Soler, Santiago R. and
                  Pesce, Agustina},
  title        = {{Rockhound: Download geophysical models/datasets 
                   and load them in Python}},
  month        = jan,
  year         = 2020,
  publisher    = {Zenodo},
  version      = {v0.2.0},
  doi          = {10.5281/zenodo.3627166},
  url          = {https://doi.org/10.5281/zenodo.3627166}
}

@article{silva2001b,
  title = {Potential-field inversion: {{Choosing}} the appropriate technique to solve a geologic problem},
  volume = {66},
  issn = {0016-8033},
  shorttitle = {Potential-field inversion},
  doi = {10.1190/1.1444941},
  timestamp = {2015-10-26T18:53:49Z},
  number = {2},
  urldate = {2015-08-24},
  url = {http://library.seg.org/doi/abs/10.1190/1.1444941},
  journal = {GEOPHYSICS},
  author = {Silva, J. and Medeiros, W. and Barbosa, V.},
  month = mar,
  year = {2001},
  pages = {511--520},
}