% This is where you place the bibliography entries in BibTeX format. To get the
% information for any thing with a DOI (papers, books, etc), use
% https://www.doi2bib.org

% The first thing after the { is the label used to cite things in the text. In
% this case, we would use \cite{Parker1973}.

@article{Parker1973,
  doi = {10.1111/j.1365-246x.1973.tb06513.x},
  url = {https://doi.org/10.1111/j.1365-246x.1973.tb06513.x},
  year = {1973},
  month = mar,
  publisher = {Oxford University Press ({OUP})},
  volume = {31},
  number = {4},
  pages = {447--455},
  author = {R. L. Parker},
  title = {The Rapid Calculation of Potential Anomalies},
  journal = {Geophysical Journal International}
}

@inproceedings{Laske2013,
  title = {Update on {{CRUST1}}.0 - {{A}} 1-degree {{Global Model}} of {{Earth}}'s {{Crust}}},
  volume = {15},
  timestamp = {2016-02-24T19:27:40Z},
  url = {http://igppweb.ucsd.edu/\%0020gabi/crust1/laske-egu13-crust1.pdf},
  booktitle = {{{EGU General Assembly Conference Abstracts}}},
  author = {Laske, G. and Masters, G. and Ma, Z. and Pasyanos, M.},
  year = {2013},
  pages = {EGU2013--2658},
}