% This is where you place the bibliography entries in BibTeX format. To get the
% information for any thing with a DOI (papers, books, etc), use
% https://www.doi2bib.org

% The first thing after the { is the label used to cite things in the text. In
% this case, we would use \cite{uieda2015}.
@misc{Uieda2015,
  doi = {10.6084/M9.FIGSHARE.1495525.V1},
  url = {https://doi.org/10.6084/M9.FIGSHARE.1495525.V1},
  author = {Uieda,  Leonardo},
  title = {A tesserioid (spherical prism) in a geocentric coordinate system with a local-North-oriented coordinate system},
  publisher = {figshare},
  year = {2015},
  copyright = {Creative Commons Attribution 4.0 International}
}

@article{Parker1973,
  doi = {10.1111/j.1365-246x.1973.tb06513.x},
  url = {https://doi.org/10.1111/j.1365-246x.1973.tb06513.x},
  year = {1973},
  month = mar,
  publisher = {Oxford University Press ({OUP})},
  volume = {31},
  number = {4},
  pages = {447--455},
  author = {R. L. Parker},
  title = {The Rapid Calculation of Potential Anomalies},
  journal = {Geophysical Journal International}
}
